@misc{moodle,
	url = {http://moodle.org/},
	note = {Last viewed: 19/3-2012},
	title = {Moodle}
}

@misc{gpl,
	url = {http://www.gnu.org/copyleft/gpl.html},
	note = {Last viewed: 19/3-2012},
	title = {GNU General Public License}
}

@misc{pbl,
	url = {http://www.pbl.aau.dk/the-aalborg-pbl-model/},
	note = {Last viewed: 19/3-2012},
	title = {The Aalborg PBL Model}
}

@misc{sharepoint1,
	url = {http://help.sharepointlms.com/v2/index.html?page=140},
	note = {Last viewed: 28/3-2012},
	title = {LEARNERS \& GROUPS}
}

@misc{sharepoint2,
	url = {http://www.elearningforce.com/products/Pages/SharePointLMS_Features.aspx},
	note = {Last viewed: 28/3-2012},
	title = {SharePoint LMS - Features}
}

@misc{litmos,
	url = {http://elearninfo247.com/product-reviews/litmos-lms-top-5-pick/},
	note = {Last viewed: 28/3-2012},
	title = {Litmos LMS}
}

@book{Larman04,
	Author = {Craig Larman},
	Note = {ISBN: 0-13-111155-8},
	Publisher = {ADDISON WESLEY},
	edition = {first},
	Title = {Agile \& Iterative Development},
	Year = {2004}
}

@misc{subversion,
	url = {http://subversion.apache.org/},
	note = {Last viewed: 6/3-2012},
	title = {Apache Subversion}
}

@misc{phpxref,
	url = {http://phpxref.sourceforge.net/},
	note = {Last viewed: 6/3-2012},
	author = {Gareth Watts},
	year = {2010},
	month = {December},
	title = {PHPXref}
}

@misc{phpdocumentor,
	url = {http://pear.php.net/package/PhpDocumentor/},
	note = {Last viewed: 6/3-2012},
	author = {The PHP Group},
	year = {2012},
	title = {Package Information: PhpDocumentor}
}

@misc{Poppendieck00,
	url = {http://www.leanessays.com/2010/11/rational-design-process-its-time-to.html},
	note = {Last viewed: 6/3-2012},
	author = {Mary Poppendieck},
	year = {2000},
	month = {April},
	date = {3},
	title = {A Rational Design Process – It’s Time to Stop Faking It}
}

@misc{Barge10,
	note = {Last viewed: 18/4-2012, Folder describing the Aalborg PBL Model},
	author = {Scott Barge},
	year = {2010},
	month = {Sep},
	title = {Principles of Problem and Project Based Learing - The Aalborg PBL Model}
}

@misc{phpunit,
	url = {http://www.phpunit.de/manual/current/en/goals.html},
	note = {Last viewed: 7/3-2012},
	author = {Sebastian Bergmann},
	year = {2012},
	title = {Chapter 2. PHPUnit's Goals}
}

@misc{moodletest,
	url = {http://docs.moodle.org/dev/Unit\_{}test\_{}API},
	note = {Last viewed: 7/3-2012},
	title = {Unit test API}
}

@misc{def_e-learning1,
	url = {http://www.itst.dk/ferdigheder/e-lering/om-e-lering/definition-af-e-lering/definition-af-e-lering},
	note = {Last viewed: 18/4-2012},
	title = {Definition af e-læring}
}

@misc{def_e-learning2,
	url = {http://docs.moodle.org/dev/Unit\_{}test\_{}API},
	note = {Last viewed: 18/4-2012},
	title = {Definition of e-learning}
}

@misc{simpletest,
	url = {http://www.simpletest.org/},
	note = {Last viewed: 7/3-2012},
	title = {SimpleTest: Unit Testing for PHP}
}

@misc{bugzillaFeat,
	url = {http://www.bugzilla.org/features/},
	note = {Last viewed: 12/3-2012},
	author = {Individual bugzilla.org contributors},
	year = {2011},
	month = {April},
	date = {10},
	title = {Bugzilla: Features}
}

@misc{eventumFeat,
	url = {http://dev.mysql.com/downloads/other/eventum/features.html},
	note = {Last viewed: 12/3-2012},
	year = {2012},
	title = {Eventum Issue / Bug Tracking System}
}

@misc{eventumDiscont,
	url = {http://dev.mysql.com/downloads/other/eventum/},
	note = {Last viewed: 13/3-2012},
	year = {2012},
	title = {Eventum Issue / Bug Tracking System}
}

@misc{gitVsHg,
	url = {http://code.google.com/p/support/wiki/DVCSAnalysis},
	note = {Last viewed: 14/3-2012},
	year = {2008},
	title = {Analysis of Git and Mercurial}
}
@INPROCEEDINGS{boehmTurner, 
	author={Boehm, Barry and Turner, Richard}, 
	booktitle={Agile Development Conference, 2003. ADC 2003. Proceedings of the}, 
	title={Observations on balancing discipline and agility}, 
	year={2003}, 
	month={june}, 
	volume={}, 
	number={}, 
	pages={ 32 - 39}, 
	keywords={ agile software development methodology; customer satisfaction; plan-driven software development approach; project defect rate; project development time; project failure; customer satisfaction; project management; software cost estimation; software development management; software metrics; software process improvement; software quality; software reusability;}, 
	doi={10.1109/ADC.2003.1231450}
}